<?xml version="1.0" encoding="UTF-8"?><collection xmlns="http://www.loc.gov/MARC21/slim"><record><leader>00738nam--2200205-u-4500</leader><controlfield tag="001">000056436</controlfield><controlfield tag="002">20161230</controlfield><controlfield tag="005">20161230201052</controlfield><controlfield tag="008">151012s1000------------r-----000-0-rum-d</controlfield><datafield ind1=" " ind2=" " tag="040"><subfield code="a">IFIN-HH</subfield></datafield><datafield ind1=" " ind2=" " tag="041"><subfield code="a">rum</subfield></datafield><datafield ind1=" " ind2=" " tag="080"><subfield code="a">53</subfield></datafield><datafield ind1="1" ind2=" " tag="100"><subfield code="a">Einstein, Albert</subfield></datafield><datafield ind1="1" ind2=" " tag="245"><subfield code="a">Evolutia fizicii. desvoltarea ideilor de la primele concepte la teoria relativitatii si teoria cuantelor. traducere din limba engleza</subfield><subfield code="c">Albert einstein, leopold infeld</subfield></datafield><datafield ind1=" " ind2=" " tag="260"><subfield code="a">Bucuresti</subfield><subfield code="b">Editura Tehnica</subfield><subfield code="c">1957</subfield></datafield><datafield ind1=" " ind2=" " tag="300"><subfield code="a">240P</subfield></datafield><datafield ind1=" " ind2=" " tag="500"><subfield code="a">Titlul Original In Limba Engleza: The Evolutions Of Physics. The Growth Of Ideas From Early Concepts To Relativity And Quanta</subfield></datafield><datafield ind1="1" ind2=" " tag="700"><subfield code="a">Infeld, Leopold</subfield></datafield><datafield ind1=" " ind2=" " tag="852"><subfield code="a">4645</subfield><subfield code="c">53.01</subfield></datafield><datafield ind1=" " ind2=" " tag="CAT"><subfield code="a">Sys</subfield><subfield code="c">20151012</subfield><subfield code="h">114513</subfield></datafield></record></collection>